@article {davidcashetal.2014,
	title= {Dynamic Searchable Encryption in Very-Large Databases: Data Structures and Implementation}, 
	DOI={10.14722/ndss.2014.23264}, 
	journal={Proceedings 2014 Network and Distributed System Security Symposium}, 
	author={Cash, David and Jaeger, Joseph and Jarecki, Stanislaw and Jutla, Charanjit and Krawczyk, Hugo and Ro\c{s}u, Marcel-C\u{a}t\u{a}lin and Steiner, Michael}, 
	year={2014}
}

@article{swp.2000,
	title={Practical techniques for searches on encrypted data},
	DOI={10.1109/secpri.2000.848445},
	journal="Proceeding 2000 IEEE Symposium on Security and Privacy. S\&P 2000",
	author={Song, Dawn Xiaoding and Wagner, D. and Perrig, A.},
	year={2000},
	month={May},
	pages={44-45}
}

@article{bosch.2014,
 	title={A Survey of Provably Secure Searchable Encryption},
 	volume={47},
 	DOI={10.1145/2636328},
 	journal={CSUR ACM Comput. Surv. ACM Computing Surveys},
 	author={B{\"o}sch, Christoph and Hartel, Pieter and Jonker, Willem and Peter, Andreas},
 	year={2014},
 	pages={1-51}
}

@article{jarecki.2013, 
	title={Outsourced symmetric private information retrieval},
	DOI={10.1145/2508859.2516730},
	journal={Proceedings of the 2013 ACM SIGSAC conference on Computer \& communications security - CCS \textsc{\char13}13},
	author={Jarecki, Stanislaw and Jutla, Charanjit and Krawczyk, Hugo and Rosu, Marcel and Steiner, Michael},
	year={2013},
	month={Nov}
}

@article{davidcashetal.2013,
	series={LNCS}, 
	title={Highly-Scalable Searchable Symmetric Encryption with Support for Boolean Queries},
	volume={CRYPTO 2013},
	DOI={10.1007/978-3-642-40041-4_20},
	number={8042},
	journal={Advances in Cryptology â€“ CRYPTO 2013 Lecture Notes in Computer Science},
	author={Cash, David and Jarecki, Stanislaw and Jutla, Charanjit and Krawczyk, Hugo and Ro\c{s}u, Marcel-C\u{a}t\u{a}lin and Steiner, Michael},
	year={2013},
	pages={353-373},
	collection={LNCS}
}

@article{naveed.2014,
	title={Dynamic Searchable Encryption via Blind Storage},
	DOI={10.1109/sp.2014.47},
	journal={2014 IEEE Symposium on Security and Privacy},
	author={Naveed, Muhammad and Prabhakaran, Manoj and Gunter, Carl A.},
	year={2014}
}

@article{curtmola.2006,
	title={Searchable symmetric encryption},
	DOI={10.1145/1180405.1180417},
	journal={Proceedings of the 13th ACM conference on Computer and communications security - CCS \textsc{\char13}06},
	author={Curtmola, Reza and Garay, Juan and Kamara, Seny and Ostrovsky, Rafail},
	year={2006},
	pages={79-88}
}